%YAML 1.1
%TAG !u! tag:unity3d.com,2011:
--- !u!1 &7776078926171887789
GameObject:
  m_ObjectHideFlags: 0
  m_CorrespondingSourceObject: {fileID: 0}
  m_PrefabInstance: {fileID: 0}
  m_PrefabAsset: {fileID: 0}
  serializedVersion: 6
  m_Component:
  - component: {fileID: 7776078926171887788}
  m_Layer: 0
  m_Name: platform
  m_TagString: Untagged
  m_Icon: {fileID: 0}
  m_NavMeshLayer: 0
  m_StaticEditorFlags: 0
  m_IsActive: 1
--- !u!4 &7776078926171887788
Transform:
  m_ObjectHideFlags: 0
  m_CorrespondingSourceObject: {fileID: 0}
  m_PrefabInstance: {fileID: 0}
  m_PrefabAsset: {fileID: 0}
  m_GameObject: {fileID: 7776078926171887789}
  m_LocalRotation: {x: 0, y: 0, z: 0, w: 1}
  m_LocalPosition: {x: -33.494186, y: 19.875866, z: -149.59918}
  m_LocalScale: {x: 1, y: 1, z: 1}
  m_ConstrainProportionsScale: 0
  m_Children:
  - {fileID: 7809408777881266307}
  - {fileID: 7809408778415839573}
  - {fileID: 7809408777341422569}
  - {fileID: 7809408776672661746}
  - {fileID: 7809408778025884256}
  - {fileID: 7809408776991706926}
  - {fileID: 7809408777093039238}
  - {fileID: 7809408778679868755}
  m_Father: {fileID: 0}
  m_RootOrder: 0
  m_LocalEulerAnglesHint: {x: 0, y: 0, z: 0}
--- !u!1001 &7776078924122602168
PrefabInstance:
  m_ObjectHideFlags: 0
  serializedVersion: 2
  m_Modification:
    m_TransformParent: {fileID: 7776078926171887788}
    m_Modifications:
    - target: {fileID: -8679921383154817045, guid: aa300cb041562c74aba4b665d0ee7276, type: 3}
      propertyPath: m_RootOrder
      value: 7
      objectReference: {fileID: 0}
    - target: {fileID: -8679921383154817045, guid: aa300cb041562c74aba4b665d0ee7276, type: 3}
      propertyPath: m_LocalScale.x
      value: 0.007
      objectReference: {fileID: 0}
    - target: {fileID: -8679921383154817045, guid: aa300cb041562c74aba4b665d0ee7276, type: 3}
      propertyPath: m_LocalScale.y
      value: 0.007
      objectReference: {fileID: 0}
    - target: {fileID: -8679921383154817045, guid: aa300cb041562c74aba4b665d0ee7276, type: 3}
      propertyPath: m_LocalScale.z
      value: 0.007
      objectReference: {fileID: 0}
    - target: {fileID: -8679921383154817045, guid: aa300cb041562c74aba4b665d0ee7276, type: 3}
      propertyPath: m_LocalPosition.x
      value: 17.59
      objectReference: {fileID: 0}
    - target: {fileID: -8679921383154817045, guid: aa300cb041562c74aba4b665d0ee7276, type: 3}
      propertyPath: m_LocalPosition.y
      value: -13.545866
      objectReference: {fileID: 0}
    - target: {fileID: -8679921383154817045, guid: aa300cb041562c74aba4b665d0ee7276, type: 3}
      propertyPath: m_LocalPosition.z
      value: -7.88
      objectReference: {fileID: 0}
    - target: {fileID: -8679921383154817045, guid: aa300cb041562c74aba4b665d0ee7276, type: 3}
      propertyPath: m_LocalRotation.w
      value: 0.7071067
      objectReference: {fileID: 0}
    - target: {fileID: -8679921383154817045, guid: aa300cb041562c74aba4b665d0ee7276, type: 3}
      propertyPath: m_LocalRotation.x
      value: 0.7071068
      objectReference: {fileID: 0}
    - target: {fileID: -8679921383154817045, guid: aa300cb041562c74aba4b665d0ee7276, type: 3}
      propertyPath: m_LocalRotation.y
      value: -0
      objectReference: {fileID: 0}
    - target: {fileID: -8679921383154817045, guid: aa300cb041562c74aba4b665d0ee7276, type: 3}
      propertyPath: m_LocalRotation.z
      value: -0
      objectReference: {fileID: 0}
    - target: {fileID: -8679921383154817045, guid: aa300cb041562c74aba4b665d0ee7276, type: 3}
      propertyPath: m_LocalEulerAnglesHint.x
      value: 0
      objectReference: {fileID: 0}
    - target: {fileID: -8679921383154817045, guid: aa300cb041562c74aba4b665d0ee7276, type: 3}
      propertyPath: m_LocalEulerAnglesHint.y
      value: 0
      objectReference: {fileID: 0}
    - target: {fileID: -8679921383154817045, guid: aa300cb041562c74aba4b665d0ee7276, type: 3}
      propertyPath: m_LocalEulerAnglesHint.z
      value: 0
      objectReference: {fileID: 0}
    - target: {fileID: -7511558181221131132, guid: aa300cb041562c74aba4b665d0ee7276, type: 3}
      propertyPath: m_Materials.Array.data[0]
      value: 
      objectReference: {fileID: 2100000, guid: 08db5fa99a56adf449b766dd1d3ce476, type: 2}
    - target: {fileID: 919132149155446097, guid: aa300cb041562c74aba4b665d0ee7276, type: 3}
      propertyPath: m_Name
      value: Platformer_01 (7)
      objectReference: {fileID: 0}
    m_RemovedComponents: []
  m_SourcePrefab: {fileID: 100100000, guid: aa300cb041562c74aba4b665d0ee7276, type: 3}
--- !u!4 &7809408778679868755 stripped
Transform:
  m_CorrespondingSourceObject: {fileID: -8679921383154817045, guid: aa300cb041562c74aba4b665d0ee7276, type: 3}
  m_PrefabInstance: {fileID: 7776078924122602168}
  m_PrefabAsset: {fileID: 0}
--- !u!1001 &7776078924394954430
PrefabInstance:
  m_ObjectHideFlags: 0
  serializedVersion: 2
  m_Modification:
    m_TransformParent: {fileID: 7776078926171887788}
    m_Modifications:
    - target: {fileID: -8679921383154817045, guid: aa300cb041562c74aba4b665d0ee7276, type: 3}
      propertyPath: m_RootOrder
      value: 1
      objectReference: {fileID: 0}
    - target: {fileID: -8679921383154817045, guid: aa300cb041562c74aba4b665d0ee7276, type: 3}
      propertyPath: m_LocalScale.x
      value: 0.007
      objectReference: {fileID: 0}
    - target: {fileID: -8679921383154817045, guid: aa300cb041562c74aba4b665d0ee7276, type: 3}
      propertyPath: m_LocalScale.y
      value: 0.007
      objectReference: {fileID: 0}
    - target: {fileID: -8679921383154817045, guid: aa300cb041562c74aba4b665d0ee7276, type: 3}
      propertyPath: m_LocalScale.z
      value: 0.007
      objectReference: {fileID: 0}
    - target: {fileID: -8679921383154817045, guid: aa300cb041562c74aba4b665d0ee7276, type: 3}
      propertyPath: m_LocalPosition.x
      value: 7.09
      objectReference: {fileID: 0}
    - target: {fileID: -8679921383154817045, guid: aa300cb041562c74aba4b665d0ee7276, type: 3}
      propertyPath: m_LocalPosition.y
      value: -13.545866
      objectReference: {fileID: 0}
    - target: {fileID: -8679921383154817045, guid: aa300cb041562c74aba4b665d0ee7276, type: 3}
      propertyPath: m_LocalPosition.z
      value: 34.83
      objectReference: {fileID: 0}
    - target: {fileID: -8679921383154817045, guid: aa300cb041562c74aba4b665d0ee7276, type: 3}
      propertyPath: m_LocalRotation.w
      value: 0.7071067
      objectReference: {fileID: 0}
    - target: {fileID: -8679921383154817045, guid: aa300cb041562c74aba4b665d0ee7276, type: 3}
      propertyPath: m_LocalRotation.x
      value: 0.7071068
      objectReference: {fileID: 0}
    - target: {fileID: -8679921383154817045, guid: aa300cb041562c74aba4b665d0ee7276, type: 3}
      propertyPath: m_LocalRotation.y
      value: -0
      objectReference: {fileID: 0}
    - target: {fileID: -8679921383154817045, guid: aa300cb041562c74aba4b665d0ee7276, type: 3}
      propertyPath: m_LocalRotation.z
      value: -0
      objectReference: {fileID: 0}
    - target: {fileID: -8679921383154817045, guid: aa300cb041562c74aba4b665d0ee7276, type: 3}
      propertyPath: m_LocalEulerAnglesHint.x
      value: 0
      objectReference: {fileID: 0}
    - target: {fileID: -8679921383154817045, guid: aa300cb041562c74aba4b665d0ee7276, type: 3}
      propertyPath: m_LocalEulerAnglesHint.y
      value: 0
      objectReference: {fileID: 0}
    - target: {fileID: -8679921383154817045, guid: aa300cb041562c74aba4b665d0ee7276, type: 3}
      propertyPath: m_LocalEulerAnglesHint.z
      value: 0
      objectReference: {fileID: 0}
    - target: {fileID: -7511558181221131132, guid: aa300cb041562c74aba4b665d0ee7276, type: 3}
      propertyPath: m_Materials.Array.data[0]
      value: 
      objectReference: {fileID: 2100000, guid: 08db5fa99a56adf449b766dd1d3ce476, type: 2}
    - target: {fileID: 919132149155446097, guid: aa300cb041562c74aba4b665d0ee7276, type: 3}
      propertyPath: m_Name
      value: Platformer_01 (1)
      objectReference: {fileID: 0}
    m_RemovedComponents: []
  m_SourcePrefab: {fileID: 100100000, guid: aa300cb041562c74aba4b665d0ee7276, type: 3}
--- !u!4 &7809408778415839573 stripped
Transform:
  m_CorrespondingSourceObject: {fileID: -8679921383154817045, guid: aa300cb041562c74aba4b665d0ee7276, type: 3}
  m_PrefabInstance: {fileID: 7776078924394954430}
  m_PrefabAsset: {fileID: 0}
--- !u!1001 &7776078924742770059
PrefabInstance:
  m_ObjectHideFlags: 0
  serializedVersion: 2
  m_Modification:
    m_TransformParent: {fileID: 7776078926171887788}
    m_Modifications:
    - target: {fileID: -8679921383154817045, guid: aa300cb041562c74aba4b665d0ee7276, type: 3}
      propertyPath: m_RootOrder
      value: 4
      objectReference: {fileID: 0}
    - target: {fileID: -8679921383154817045, guid: aa300cb041562c74aba4b665d0ee7276, type: 3}
      propertyPath: m_LocalScale.x
      value: 0.007
      objectReference: {fileID: 0}
    - target: {fileID: -8679921383154817045, guid: aa300cb041562c74aba4b665d0ee7276, type: 3}
      propertyPath: m_LocalScale.y
      value: 0.007
      objectReference: {fileID: 0}
    - target: {fileID: -8679921383154817045, guid: aa300cb041562c74aba4b665d0ee7276, type: 3}
      propertyPath: m_LocalScale.z
      value: 0.007
      objectReference: {fileID: 0}
    - target: {fileID: -8679921383154817045, guid: aa300cb041562c74aba4b665d0ee7276, type: 3}
      propertyPath: m_LocalPosition.x
      value: 23.91
      objectReference: {fileID: 0}
    - target: {fileID: -8679921383154817045, guid: aa300cb041562c74aba4b665d0ee7276, type: 3}
      propertyPath: m_LocalPosition.y
      value: -13.545866
      objectReference: {fileID: 0}
    - target: {fileID: -8679921383154817045, guid: aa300cb041562c74aba4b665d0ee7276, type: 3}
      propertyPath: m_LocalPosition.z
      value: 7.37
      objectReference: {fileID: 0}
    - target: {fileID: -8679921383154817045, guid: aa300cb041562c74aba4b665d0ee7276, type: 3}
      propertyPath: m_LocalRotation.w
      value: 0.7071067
      objectReference: {fileID: 0}
    - target: {fileID: -8679921383154817045, guid: aa300cb041562c74aba4b665d0ee7276, type: 3}
      propertyPath: m_LocalRotation.x
      value: 0.7071068
      objectReference: {fileID: 0}
    - target: {fileID: -8679921383154817045, guid: aa300cb041562c74aba4b665d0ee7276, type: 3}
      propertyPath: m_LocalRotation.y
      value: -0
      objectReference: {fileID: 0}
    - target: {fileID: -8679921383154817045, guid: aa300cb041562c74aba4b665d0ee7276, type: 3}
      propertyPath: m_LocalRotation.z
      value: -0
      objectReference: {fileID: 0}
    - target: {fileID: -8679921383154817045, guid: aa300cb041562c74aba4b665d0ee7276, type: 3}
      propertyPath: m_LocalEulerAnglesHint.x
      value: 0
      objectReference: {fileID: 0}
    - target: {fileID: -8679921383154817045, guid: aa300cb041562c74aba4b665d0ee7276, type: 3}
      propertyPath: m_LocalEulerAnglesHint.y
      value: 0
      objectReference: {fileID: 0}
    - target: {fileID: -8679921383154817045, guid: aa300cb041562c74aba4b665d0ee7276, type: 3}
      propertyPath: m_LocalEulerAnglesHint.z
      value: 0
      objectReference: {fileID: 0}
    - target: {fileID: -7511558181221131132, guid: aa300cb041562c74aba4b665d0ee7276, type: 3}
      propertyPath: m_Materials.Array.data[0]
      value: 
      objectReference: {fileID: 2100000, guid: 08db5fa99a56adf449b766dd1d3ce476, type: 2}
    - target: {fileID: 919132149155446097, guid: aa300cb041562c74aba4b665d0ee7276, type: 3}
      propertyPath: m_Name
      value: Platformer_01 (4)
      objectReference: {fileID: 0}
    m_RemovedComponents: []
  m_SourcePrefab: {fileID: 100100000, guid: aa300cb041562c74aba4b665d0ee7276, type: 3}
--- !u!4 &7809408778025884256 stripped
Transform:
  m_CorrespondingSourceObject: {fileID: -8679921383154817045, guid: aa300cb041562c74aba4b665d0ee7276, type: 3}
  m_PrefabInstance: {fileID: 7776078924742770059}
  m_PrefabAsset: {fileID: 0}
--- !u!1001 &7776078924929519464
PrefabInstance:
  m_ObjectHideFlags: 0
  serializedVersion: 2
  m_Modification:
    m_TransformParent: {fileID: 7776078926171887788}
    m_Modifications:
    - target: {fileID: -8679921383154817045, guid: aa300cb041562c74aba4b665d0ee7276, type: 3}
      propertyPath: m_RootOrder
      value: 0
      objectReference: {fileID: 0}
    - target: {fileID: -8679921383154817045, guid: aa300cb041562c74aba4b665d0ee7276, type: 3}
      propertyPath: m_LocalScale.x
      value: 0.007
      objectReference: {fileID: 0}
    - target: {fileID: -8679921383154817045, guid: aa300cb041562c74aba4b665d0ee7276, type: 3}
      propertyPath: m_LocalScale.y
      value: 0.007
      objectReference: {fileID: 0}
    - target: {fileID: -8679921383154817045, guid: aa300cb041562c74aba4b665d0ee7276, type: 3}
      propertyPath: m_LocalScale.z
      value: 0.007
      objectReference: {fileID: 0}
    - target: {fileID: -8679921383154817045, guid: aa300cb041562c74aba4b665d0ee7276, type: 3}
      propertyPath: m_LocalPosition.x
      value: 11.08
      objectReference: {fileID: 0}
    - target: {fileID: -8679921383154817045, guid: aa300cb041562c74aba4b665d0ee7276, type: 3}
      propertyPath: m_LocalPosition.y
      value: -13.545866
      objectReference: {fileID: 0}
    - target: {fileID: -8679921383154817045, guid: aa300cb041562c74aba4b665d0ee7276, type: 3}
      propertyPath: m_LocalPosition.z
      value: 39.094753
      objectReference: {fileID: 0}
    - target: {fileID: -8679921383154817045, guid: aa300cb041562c74aba4b665d0ee7276, type: 3}
      propertyPath: m_LocalRotation.w
      value: 0.7071067
      objectReference: {fileID: 0}
    - target: {fileID: -8679921383154817045, guid: aa300cb041562c74aba4b665d0ee7276, type: 3}
      propertyPath: m_LocalRotation.x
      value: 0.7071068
      objectReference: {fileID: 0}
    - target: {fileID: -8679921383154817045, guid: aa300cb041562c74aba4b665d0ee7276, type: 3}
      propertyPath: m_LocalRotation.y
      value: -0
      objectReference: {fileID: 0}
    - target: {fileID: -8679921383154817045, guid: aa300cb041562c74aba4b665d0ee7276, type: 3}
      propertyPath: m_LocalRotation.z
      value: -0
      objectReference: {fileID: 0}
    - target: {fileID: -8679921383154817045, guid: aa300cb041562c74aba4b665d0ee7276, type: 3}
      propertyPath: m_LocalEulerAnglesHint.x
      value: 0
      objectReference: {fileID: 0}
    - target: {fileID: -8679921383154817045, guid: aa300cb041562c74aba4b665d0ee7276, type: 3}
      propertyPath: m_LocalEulerAnglesHint.y
      value: 0
      objectReference: {fileID: 0}
    - target: {fileID: -8679921383154817045, guid: aa300cb041562c74aba4b665d0ee7276, type: 3}
      propertyPath: m_LocalEulerAnglesHint.z
      value: 0
      objectReference: {fileID: 0}
    - target: {fileID: -7511558181221131132, guid: aa300cb041562c74aba4b665d0ee7276, type: 3}
      propertyPath: m_Materials.Array.data[0]
      value: 
      objectReference: {fileID: 2100000, guid: 08db5fa99a56adf449b766dd1d3ce476, type: 2}
    - target: {fileID: 919132149155446097, guid: aa300cb041562c74aba4b665d0ee7276, type: 3}
      propertyPath: m_Name
      value: Platformer_01
      objectReference: {fileID: 0}
    m_RemovedComponents: []
  m_SourcePrefab: {fileID: 100100000, guid: aa300cb041562c74aba4b665d0ee7276, type: 3}
--- !u!4 &7809408777881266307 stripped
Transform:
  m_CorrespondingSourceObject: {fileID: -8679921383154817045, guid: aa300cb041562c74aba4b665d0ee7276, type: 3}
  m_PrefabInstance: {fileID: 7776078924929519464}
  m_PrefabAsset: {fileID: 0}
--- !u!1001 &7776078925469166594
PrefabInstance:
  m_ObjectHideFlags: 0
  serializedVersion: 2
  m_Modification:
    m_TransformParent: {fileID: 7776078926171887788}
    m_Modifications:
    - target: {fileID: -8679921383154817045, guid: aa300cb041562c74aba4b665d0ee7276, type: 3}
      propertyPath: m_RootOrder
      value: 2
      objectReference: {fileID: 0}
    - target: {fileID: -8679921383154817045, guid: aa300cb041562c74aba4b665d0ee7276, type: 3}
      propertyPath: m_LocalScale.x
      value: 0.007
      objectReference: {fileID: 0}
    - target: {fileID: -8679921383154817045, guid: aa300cb041562c74aba4b665d0ee7276, type: 3}
      propertyPath: m_LocalScale.y
      value: 0.007
      objectReference: {fileID: 0}
    - target: {fileID: -8679921383154817045, guid: aa300cb041562c74aba4b665d0ee7276, type: 3}
      propertyPath: m_LocalScale.z
      value: 0.007
      objectReference: {fileID: 0}
    - target: {fileID: -8679921383154817045, guid: aa300cb041562c74aba4b665d0ee7276, type: 3}
      propertyPath: m_LocalPosition.x
      value: 10.24
      objectReference: {fileID: 0}
    - target: {fileID: -8679921383154817045, guid: aa300cb041562c74aba4b665d0ee7276, type: 3}
      propertyPath: m_LocalPosition.y
      value: -13.545866
      objectReference: {fileID: 0}
    - target: {fileID: -8679921383154817045, guid: aa300cb041562c74aba4b665d0ee7276, type: 3}
      propertyPath: m_LocalPosition.z
      value: 30.26
      objectReference: {fileID: 0}
    - target: {fileID: -8679921383154817045, guid: aa300cb041562c74aba4b665d0ee7276, type: 3}
      propertyPath: m_LocalRotation.w
      value: 0.7071067
      objectReference: {fileID: 0}
    - target: {fileID: -8679921383154817045, guid: aa300cb041562c74aba4b665d0ee7276, type: 3}
      propertyPath: m_LocalRotation.x
      value: 0.7071068
      objectReference: {fileID: 0}
    - target: {fileID: -8679921383154817045, guid: aa300cb041562c74aba4b665d0ee7276, type: 3}
      propertyPath: m_LocalRotation.y
      value: -0
      objectReference: {fileID: 0}
    - target: {fileID: -8679921383154817045, guid: aa300cb041562c74aba4b665d0ee7276, type: 3}
      propertyPath: m_LocalRotation.z
      value: -0
      objectReference: {fileID: 0}
    - target: {fileID: -8679921383154817045, guid: aa300cb041562c74aba4b665d0ee7276, type: 3}
      propertyPath: m_LocalEulerAnglesHint.x
      value: 0
      objectReference: {fileID: 0}
    - target: {fileID: -8679921383154817045, guid: aa300cb041562c74aba4b665d0ee7276, type: 3}
      propertyPath: m_LocalEulerAnglesHint.y
      value: 0
      objectReference: {fileID: 0}
    - target: {fileID: -8679921383154817045, guid: aa300cb041562c74aba4b665d0ee7276, type: 3}
      propertyPath: m_LocalEulerAnglesHint.z
      value: 0
      objectReference: {fileID: 0}
    - target: {fileID: -7511558181221131132, guid: aa300cb041562c74aba4b665d0ee7276, type: 3}
      propertyPath: m_Materials.Array.data[0]
      value: 
      objectReference: {fileID: 2100000, guid: 08db5fa99a56adf449b766dd1d3ce476, type: 2}
    - target: {fileID: 919132149155446097, guid: aa300cb041562c74aba4b665d0ee7276, type: 3}
      propertyPath: m_Name
      value: Platformer_01 (2)
      objectReference: {fileID: 0}
    m_RemovedComponents: []
  m_SourcePrefab: {fileID: 100100000, guid: aa300cb041562c74aba4b665d0ee7276, type: 3}
--- !u!4 &7809408777341422569 stripped
Transform:
  m_CorrespondingSourceObject: {fileID: -8679921383154817045, guid: aa300cb041562c74aba4b665d0ee7276, type: 3}
  m_PrefabInstance: {fileID: 7776078925469166594}
  m_PrefabAsset: {fileID: 0}
--- !u!1001 &7776078925684253549
PrefabInstance:
  m_ObjectHideFlags: 0
  serializedVersion: 2
  m_Modification:
    m_TransformParent: {fileID: 7776078926171887788}
    m_Modifications:
    - target: {fileID: -8679921383154817045, guid: aa300cb041562c74aba4b665d0ee7276, type: 3}
      propertyPath: m_RootOrder
      value: 6
      objectReference: {fileID: 0}
    - target: {fileID: -8679921383154817045, guid: aa300cb041562c74aba4b665d0ee7276, type: 3}
      propertyPath: m_LocalScale.x
      value: 0.007
      objectReference: {fileID: 0}
    - target: {fileID: -8679921383154817045, guid: aa300cb041562c74aba4b665d0ee7276, type: 3}
      propertyPath: m_LocalScale.y
      value: 0.007
      objectReference: {fileID: 0}
    - target: {fileID: -8679921383154817045, guid: aa300cb041562c74aba4b665d0ee7276, type: 3}
      propertyPath: m_LocalScale.z
      value: 0.007
      objectReference: {fileID: 0}
    - target: {fileID: -8679921383154817045, guid: aa300cb041562c74aba4b665d0ee7276, type: 3}
      propertyPath: m_LocalPosition.x
      value: 19.96
      objectReference: {fileID: 0}
    - target: {fileID: -8679921383154817045, guid: aa300cb041562c74aba4b665d0ee7276, type: 3}
      propertyPath: m_LocalPosition.y
      value: -13.545866
      objectReference: {fileID: 0}
    - target: {fileID: -8679921383154817045, guid: aa300cb041562c74aba4b665d0ee7276, type: 3}
      propertyPath: m_LocalPosition.z
      value: -2.25
      objectReference: {fileID: 0}
    - target: {fileID: -8679921383154817045, guid: aa300cb041562c74aba4b665d0ee7276, type: 3}
      propertyPath: m_LocalRotation.w
      value: 0.7071067
      objectReference: {fileID: 0}
    - target: {fileID: -8679921383154817045, guid: aa300cb041562c74aba4b665d0ee7276, type: 3}
      propertyPath: m_LocalRotation.x
      value: 0.7071068
      objectReference: {fileID: 0}
    - target: {fileID: -8679921383154817045, guid: aa300cb041562c74aba4b665d0ee7276, type: 3}
      propertyPath: m_LocalRotation.y
      value: -0
      objectReference: {fileID: 0}
    - target: {fileID: -8679921383154817045, guid: aa300cb041562c74aba4b665d0ee7276, type: 3}
      propertyPath: m_LocalRotation.z
      value: -0
      objectReference: {fileID: 0}
    - target: {fileID: -8679921383154817045, guid: aa300cb041562c74aba4b665d0ee7276, type: 3}
      propertyPath: m_LocalEulerAnglesHint.x
      value: 0
      objectReference: {fileID: 0}
    - target: {fileID: -8679921383154817045, guid: aa300cb041562c74aba4b665d0ee7276, type: 3}
      propertyPath: m_LocalEulerAnglesHint.y
      value: 0
      objectReference: {fileID: 0}
    - target: {fileID: -8679921383154817045, guid: aa300cb041562c74aba4b665d0ee7276, type: 3}
      propertyPath: m_LocalEulerAnglesHint.z
      value: 0
      objectReference: {fileID: 0}
    - target: {fileID: -7511558181221131132, guid: aa300cb041562c74aba4b665d0ee7276, type: 3}
      propertyPath: m_Materials.Array.data[0]
      value: 
      objectReference: {fileID: 2100000, guid: 08db5fa99a56adf449b766dd1d3ce476, type: 2}
    - target: {fileID: 919132149155446097, guid: aa300cb041562c74aba4b665d0ee7276, type: 3}
      propertyPath: m_Name
      value: Platformer_01 (6)
      objectReference: {fileID: 0}
    m_RemovedComponents: []
  m_SourcePrefab: {fileID: 100100000, guid: aa300cb041562c74aba4b665d0ee7276, type: 3}
--- !u!4 &7809408777093039238 stripped
Transform:
  m_CorrespondingSourceObject: {fileID: -8679921383154817045, guid: aa300cb041562c74aba4b665d0ee7276, type: 3}
  m_PrefabInstance: {fileID: 7776078925684253549}
  m_PrefabAsset: {fileID: 0}
--- !u!1001 &7776078925785327813
PrefabInstance:
  m_ObjectHideFlags: 0
  serializedVersion: 2
  m_Modification:
    m_TransformParent: {fileID: 7776078926171887788}
    m_Modifications:
    - target: {fileID: -8679921383154817045, guid: aa300cb041562c74aba4b665d0ee7276, type: 3}
      propertyPath: m_RootOrder
      value: 5
      objectReference: {fileID: 0}
    - target: {fileID: -8679921383154817045, guid: aa300cb041562c74aba4b665d0ee7276, type: 3}
      propertyPath: m_LocalScale.x
      value: 0.007
      objectReference: {fileID: 0}
    - target: {fileID: -8679921383154817045, guid: aa300cb041562c74aba4b665d0ee7276, type: 3}
      propertyPath: m_LocalScale.y
      value: 0.007
      objectReference: {fileID: 0}
    - target: {fileID: -8679921383154817045, guid: aa300cb041562c74aba4b665d0ee7276, type: 3}
      propertyPath: m_LocalScale.z
      value: 0.007
      objectReference: {fileID: 0}
    - target: {fileID: -8679921383154817045, guid: aa300cb041562c74aba4b665d0ee7276, type: 3}
      propertyPath: m_LocalPosition.x
      value: 19.96
      objectReference: {fileID: 0}
    - target: {fileID: -8679921383154817045, guid: aa300cb041562c74aba4b665d0ee7276, type: 3}
      propertyPath: m_LocalPosition.y
      value: -13.545866
      objectReference: {fileID: 0}
    - target: {fileID: -8679921383154817045, guid: aa300cb041562c74aba4b665d0ee7276, type: 3}
      propertyPath: m_LocalPosition.z
      value: 3.53
      objectReference: {fileID: 0}
    - target: {fileID: -8679921383154817045, guid: aa300cb041562c74aba4b665d0ee7276, type: 3}
      propertyPath: m_LocalRotation.w
      value: 0.7071067
      objectReference: {fileID: 0}
    - target: {fileID: -8679921383154817045, guid: aa300cb041562c74aba4b665d0ee7276, type: 3}
      propertyPath: m_LocalRotation.x
      value: 0.7071068
      objectReference: {fileID: 0}
    - target: {fileID: -8679921383154817045, guid: aa300cb041562c74aba4b665d0ee7276, type: 3}
      propertyPath: m_LocalRotation.y
      value: -0
      objectReference: {fileID: 0}
    - target: {fileID: -8679921383154817045, guid: aa300cb041562c74aba4b665d0ee7276, type: 3}
      propertyPath: m_LocalRotation.z
      value: -0
      objectReference: {fileID: 0}
    - target: {fileID: -8679921383154817045, guid: aa300cb041562c74aba4b665d0ee7276, type: 3}
      propertyPath: m_LocalEulerAnglesHint.x
      value: 0
      objectReference: {fileID: 0}
    - target: {fileID: -8679921383154817045, guid: aa300cb041562c74aba4b665d0ee7276, type: 3}
      propertyPath: m_LocalEulerAnglesHint.y
      value: 0
      objectReference: {fileID: 0}
    - target: {fileID: -8679921383154817045, guid: aa300cb041562c74aba4b665d0ee7276, type: 3}
      propertyPath: m_LocalEulerAnglesHint.z
      value: 0
      objectReference: {fileID: 0}
    - target: {fileID: -7511558181221131132, guid: aa300cb041562c74aba4b665d0ee7276, type: 3}
      propertyPath: m_Materials.Array.data[0]
      value: 
      objectReference: {fileID: 2100000, guid: 08db5fa99a56adf449b766dd1d3ce476, type: 2}
    - target: {fileID: 919132149155446097, guid: aa300cb041562c74aba4b665d0ee7276, type: 3}
      propertyPath: m_Name
      value: Platformer_01 (5)
      objectReference: {fileID: 0}
    m_RemovedComponents: []
  m_SourcePrefab: {fileID: 100100000, guid: aa300cb041562c74aba4b665d0ee7276, type: 3}
--- !u!4 &7809408776991706926 stripped
Transform:
  m_CorrespondingSourceObject: {fileID: -8679921383154817045, guid: aa300cb041562c74aba4b665d0ee7276, type: 3}
  m_PrefabInstance: {fileID: 7776078925785327813}
  m_PrefabAsset: {fileID: 0}
--- !u!1001 &7776078926137866009
PrefabInstance:
  m_ObjectHideFlags: 0
  serializedVersion: 2
  m_Modification:
    m_TransformParent: {fileID: 7776078926171887788}
    m_Modifications:
    - target: {fileID: -8679921383154817045, guid: aa300cb041562c74aba4b665d0ee7276, type: 3}
      propertyPath: m_RootOrder
      value: 3
      objectReference: {fileID: 0}
    - target: {fileID: -8679921383154817045, guid: aa300cb041562c74aba4b665d0ee7276, type: 3}
      propertyPath: m_LocalScale.x
      value: 0.007
      objectReference: {fileID: 0}
    - target: {fileID: -8679921383154817045, guid: aa300cb041562c74aba4b665d0ee7276, type: 3}
      propertyPath: m_LocalScale.y
      value: 0.007
      objectReference: {fileID: 0}
    - target: {fileID: -8679921383154817045, guid: aa300cb041562c74aba4b665d0ee7276, type: 3}
      propertyPath: m_LocalScale.z
      value: 0.007
      objectReference: {fileID: 0}
    - target: {fileID: -8679921383154817045, guid: aa300cb041562c74aba4b665d0ee7276, type: 3}
      propertyPath: m_LocalPosition.x
      value: 14.47
      objectReference: {fileID: 0}
    - target: {fileID: -8679921383154817045, guid: aa300cb041562c74aba4b665d0ee7276, type: 3}
      propertyPath: m_LocalPosition.y
      value: -13.545866
      objectReference: {fileID: 0}
    - target: {fileID: -8679921383154817045, guid: aa300cb041562c74aba4b665d0ee7276, type: 3}
      propertyPath: m_LocalPosition.z
      value: 26.29
      objectReference: {fileID: 0}
    - target: {fileID: -8679921383154817045, guid: aa300cb041562c74aba4b665d0ee7276, type: 3}
      propertyPath: m_LocalRotation.w
      value: 0.7071067
      objectReference: {fileID: 0}
    - target: {fileID: -8679921383154817045, guid: aa300cb041562c74aba4b665d0ee7276, type: 3}
      propertyPath: m_LocalRotation.x
      value: 0.7071068
      objectReference: {fileID: 0}
    - target: {fileID: -8679921383154817045, guid: aa300cb041562c74aba4b665d0ee7276, type: 3}
      propertyPath: m_LocalRotation.y
      value: -0
      objectReference: {fileID: 0}
    - target: {fileID: -8679921383154817045, guid: aa300cb041562c74aba4b665d0ee7276, type: 3}
      propertyPath: m_LocalRotation.z
      value: -0
      objectReference: {fileID: 0}
    - target: {fileID: -8679921383154817045, guid: aa300cb041562c74aba4b665d0ee7276, type: 3}
      propertyPath: m_LocalEulerAnglesHint.x
      value: 0
      objectReference: {fileID: 0}
    - target: {fileID: -8679921383154817045, guid: aa300cb041562c74aba4b665d0ee7276, type: 3}
      propertyPath: m_LocalEulerAnglesHint.y
      value: 0
      objectReference: {fileID: 0}
    - target: {fileID: -8679921383154817045, guid: aa300cb041562c74aba4b665d0ee7276, type: 3}
      propertyPath: m_LocalEulerAnglesHint.z
      value: 0
      objectReference: {fileID: 0}
    - target: {fileID: -7511558181221131132, guid: aa300cb041562c74aba4b665d0ee7276, type: 3}
      propertyPath: m_Materials.Array.data[0]
      value: 
      objectReference: {fileID: 2100000, guid: 08db5fa99a56adf449b766dd1d3ce476, type: 2}
    - target: {fileID: 919132149155446097, guid: aa300cb041562c74aba4b665d0ee7276, type: 3}
      propertyPath: m_Name
      value: Platformer_01 (3)
      objectReference: {fileID: 0}
    m_RemovedComponents: []
  m_SourcePrefab: {fileID: 100100000, guid: aa300cb041562c74aba4b665d0ee7276, type: 3}
--- !u!4 &7809408776672661746 stripped
Transform:
  m_CorrespondingSourceObject: {fileID: -8679921383154817045, guid: aa300cb041562c74aba4b665d0ee7276, type: 3}
  m_PrefabInstance: {fileID: 7776078926137866009}
  m_PrefabAsset: {fileID: 0}
